@techreport{shapenet2015,
  title       = {{ShapeNet: An Information-Rich 3D Model Repository}},
  author      = {Chang, Angel X. and Funkhouser, Thomas and Guibas, Leonidas and Hanrahan, Pat and Huang, Qixing and Li, Zimo and Savarese, Silvio and Savva, Manolis and Song, Shuran and Su, Hao and Xiao, Jianxiong and Yi, Li and Yu, Fisher},
  number      = {arXiv:1512.03012 [cs.GR]},
  institution = {Stanford University --- Princeton University --- Toyota Technological Institute at Chicago},
  year        = {2015}
}


@inproceedings{garcia2016pointnet,
  title={Pointnet: A 3d convolutional neural network for real-time object class recognition},
  author={Garcia-Garcia, A. and Gomez-Donoso, F. and Garcia-Rodriguez, J. and Orts-Escolano, S. and Cazorla, M. and Azorin-Lopez, J.},
  booktitle={2016 International Joint Conference on Neural Networks (IJCNN)},
  pages={1578--1584},
  year={2016},
  organization={IEEE}
}


@article{ben20173d,
  title={3d point cloud classification and segmentation using 3d modified fisher vector representation for convolutional neural networks},
  author={Ben-Shabat, Y. and Lindenbaum, M. and Fischer, A.},
  journal={arXiv preprint arXiv:1711.08241},
  year={2017}
}

@incollection{GAN,
	title = {Generative Adversarial Nets},
	author = {Goodfellow, Ian and Pouget-Abadie, Jean and Mirza, Mehdi and Xu, Bing and Warde-Farley, David and Ozair, Sherjil and Courville, Aaron and Bengio, Yoshua},
	booktitle = {Advances in Neural Information Processing Systems 27},
	pages = {2672--2680},
	year = {2014},
	publisher = {Curran Associates, Inc.},
	url = {http://papers.nips.cc/paper/5423-generative-adversarial-nets.pdf}
}

@article{shapecontexts,
    author =       {S. Belongie and J. Malik and J. Puzicha},
    title =        {Shape matching and object recognition using shape contexts},
    journal =      {IEEE Transactions on Pattern Analysis and Machine Intelligence},
    volume =       {24},
    number =       {4},
    pages =        {509--522},
    year =         {2002}
}

@article{spin,
    author =       {A. E. Johnson and M. Hebert},
    title =        {Using Spin Images for Efficient Object Recognition in Cluttered 3D Scenes},
    journal =      {IEEE Transactions on Pattern Analysis and Machine Intelligence},
    volume =       {21},
    number =       {5},
    pages =        {433--449},
    year =         {1999}
}

@conference{featurehist,
    author =       {R. B. Rusu and N. Blodow and M. Beetz},
    title =        {Fast Point Feature Histograms (FPFH) for 3D Registration},
    organization = {2009 IEEE International Conference on Robotics and Automation},
    year =         {2009}
}

@conference{normalhist,
    author =       {F. Tombari and S. Salti and L. D. Stefano},
    title =        {A Combined Texture-shape Descriptor for Enhanced 3D Feature Matching},
    organization = {ICIP},
    year =         {2011}
}

@conference{modelnet,
    author =       {Z. Wu and S. Song and A. Khosla and F. Yu and L. Zhang and X. Tang and J. Xiao},
    title =        {3d ShapeNets: A deep representation for volumetric shapes},
    organization = {2015 IEEE Conference on Computer Vision and Pattern Recognition},
	 page =         {1912--1920},
    year =         {2015}
}

@conference{dense,
    author =       {L. Wei and Q. Huang and D. Ceylan and E. Vouga and H. Li},
    title =        {Dense Human Body Correspondences using Convolutional Networks},
    organization = {2016 IEEE Conference on Computer Vision and Pattern Recognition},
    year =         {2016}
}

@conference{voxnet,
    author =       {D. Maturana and S. Scherer},
    title =        {VoxNet: A 3d Convolutional Neural Network for real-time object recognition},
    organization = {2015 IEEE/RSJ International Conference on Intelligent Robots and Systems},
    page =         {922--928},
    year =         {2015}
}

@article{voxseg,
    author =       {Z. Wang and F. Lu},
    title =        {VoxSegNet: Volumetric CNNs for Semantic Part Segmentation of 3d Shapes},
    journal =      {IEEE Transactions on Visualization and Computer Graphics},
    pages =        {1--1},
    year =         {2019}
}

@conference{kd,
    author =       {R. Klokov and V. Lempitsky},
    title =        {Escape from cells: Deep KD-networks for the recognition of 3d point cloud models},
    organization = {2017 IEEE International Conference on Computer Vision},
    page =         {863--872},
    year =         {2017}
}

@ARTICLE{sscn,
       author = {B. Graham and L. Maaten},
        title = "{Submanifold Sparse Convolutional Networks}",
      journal = {arXiv e-prints},
     keywords = {Computer Science - Neural and Evolutionary Computing, Computer Science - Computer Vision and Pattern Recognition},
         year = 2017,
        month = jun,
          eid = {arXiv:1706.01307},
        pages = {arXiv:1706.01307},
archivePrefix = {arXiv},
       eprint = {1706.01307},
 primaryClass = {cs.NE},
       adsurl = {https://ui.adsabs.harvard.edu/abs/2017arXiv170601307G},
      adsnote = {Provided by the SAO/NASA Astrophysics Data System}
}

@conference{pointnet,
    author =       {C. R. Qi and H. Su and K. Mo and L. J. Guibas},
    title =        {PointNet: Deep Learning on Point Sets for 3d Classification and Segmentation},
    organization = {2017 IEEE Conference on Computer Vision and Pattern Recognition},
    page =         {77--85},
    year =         {2017}
}

@incollection{pointnetpp,
    author =       {C. R. Qi and L. Yi and H. Su and L. J. Guibas},
    booktitle = {Advances in Neural Information Processing Systems 30},
    title =        {PointNet++: Deep Hierarchical Feature Learning on Point Sets in a Metric Space},
    publisher = {Curran Associates, Inc.},
    pages =         {5099--5108},
    year =         {2017}
}

@ARTICLE{dgcnn,
       author = {Y. Wang and Y. Sun and Z. Liu and S. Sarma and M. M. Bronstein and J. M. Solomon},
        title = "{Dynamic Graph CNN for Learning on Point Clouds}",
      journal = {arXiv e-prints},
     keywords = {Computer Science - Computer Vision and Pattern Recognition},
         year = 2018,
        month = jan,
          eid = {arXiv:1801.07829},
        pages = {arXiv:1801.07829},
archivePrefix = {arXiv},
       eprint = {1801.07829},
 primaryClass = {cs.CV},
       adsurl = {https://ui.adsabs.harvard.edu/abs/2018arXiv180107829W},
      adsnote = {Provided by the SAO/NASA Astrophysics Data System}
}

@ARTICLE{ldgcnn,
       author = {K. Zhang and M. Hao and J. Wang and C. Silva and C. Fu},
        title = "{Linked Dynamic Graph CNN: Learning on Point Cloud via Linking Hierarchical Features}",
      journal = {arXiv e-prints},
     keywords = {Computer Science - Computer Vision and Pattern Recognition},
         year = 2019,
        month = apr,
          eid = {arXiv:1904.10014},
        pages = {arXiv:1904.10014},
archivePrefix = {arXiv},
       eprint = {1904.10014},
 primaryClass = {cs.CV},
       adsurl = {https://ui.adsabs.harvard.edu/abs/2019arXiv190410014Z},
      adsnote = {Provided by the SAO/NASA Astrophysics Data System}
}

@ARTICLE{pointconv,
       author = {W. Wu and Z. Qi and L. Fuxin},
        title = "{PointConv: Deep Convolutional Networks on 3D Point Clouds}",
      journal = {arXiv e-prints},
     keywords = {Computer Science - Computer Vision and Pattern Recognition},
         year = 2018,
        month = nov,
          eid = {arXiv:1811.07246},
        pages = {arXiv:1811.07246},
archivePrefix = {arXiv},
       eprint = {1811.07246},
 primaryClass = {cs.CV},
       adsurl = {https://ui.adsabs.harvard.edu/abs/2018arXiv181107246W},
      adsnote = {Provided by the SAO/NASA Astrophysics Data System}
}